@misc{Population2021,
author = {Population, City},
title = {{DELFT municipality in Zuid-Holland}},
url = {https://www.citypopulation.de/en/netherlands/admin/zuid_holland/0503__delft/},
urldate = {2021-10-12},
year = {2021}
}

@misc{RIVM,
abstract = {Bevolkingspiramide Delft tussen 1990 en 2013},
author = {RIVM},
title = {{Gemeentelijk gezondheidsprofiel Delft}},
url = {https://www.rivm.nl/media/profielen/profile_503_Delft_demografie.html},
year = {2013}
}

@misc{Plasticsoupfoundation2021,
author = {Plastic soup foundation},
title = {{Plastic Soup Foundation}},
url = {https://www.plasticsoupfoundation.org/plastic-feiten-en-cijfers/},
urldate = {12-13-2021},
year = {2021}
}

@misc{GovernmentoftheNetherlands2021,
author = {{Government of the Netherlands}},
title = {{From a linear to a circular economy}},
url = {https://www.government.nl/topics/circular-economy/from-a-linear-to-a-circular-economy},
year = {2021}
}

@misc{EuropaNu,
author = {{Europa Nu}},
booktitle = {2021},
title = {{Plastic afval en recycling in de EU: feiten en cijfers}},
url = {https://www.europa-nu.nl/id/vkufaw0m3zy4/nieuws/plastic_afval_en_recycling_in_de_eu?ctx=vhsjeu461wp8&s0e=vhdubxdwqrzw#:$\sim$:text=Ongeveer 25 procent van al,het afval lokaal te behandelen.},
year = {2021}
}

@misc{Mesa, 
author = {Project Mesa},
title = {{Mesa framework for agent modeling in python}},
url = {https://github.com/projectmesa/mesa},
year = {2022}
}